@inproceedings{Fortune,
	author = {Fortune, S},
	title = {A sweepline algorithm for Voronoi diagrams},
	booktitle = {Proceedings of the second annual symposium on Computational geometry},
	series = {SCG '86},
	year = {1986},
	isbn = {0-89791-194-6},
	location = {Yorktown Heights, New York, United States},
	pages = {313--322},
	numpages = {10},
	url = {http://doi.acm.org/10.1145/10515.10549},
	doi = {10.1145/10515.10549},
	acmid = {10549},
	publisher = {ACM},
	address = {New York, NY, USA},
} 

@inproceedings{Perkins10,
  author = {Perkins, Luke},
  biburl = {http://www.bibsonomy.org/bibtex/2cca5fb0d5a6918443a8d665dd6713912/dblp},
  booktitle = {AIIDE},
  crossref = {conf/aiide/2010},
  editor = {Youngblood, G. Michael and Bulitko, Vadim},
  ee = {http://aaai.org/ocs/index.php/AIIDE/AIIDE10/paper/view/2114},
  publisher = {The AAAI Press},
  timestamp = {2011-06-28T00:00:00.000+0200},
  title = {Terrain Analysis in Real-Time Strategy Games: An Integrated Approach to Choke Point Detection and Region Decomposition.},
  url = {http://dblp.uni-trier.de/db/conf/aiide/aiide2010.html#Perkins10},
  year = {2010}
}

@inproceedings{Togelius10,
  author = {Togelius, Julian and Preuss, Mike and Beume, Nicola and Wessing, Simon and Hagelb√§ck, Johan and Yannakakis, Georgios N.},
  biburl = {http://www.bibsonomy.org/bibtex/27ba0253fda9b9610f2ac96eb309f3ffd/dblp},
  booktitle = {CIG},
  crossref = {conf/cig/2010},
  editor = {Yannakakis, Georgios N. and Togelius, Julian},
  ee = {http://doi.ieeecomputersociety.org/10.1109/ITW.2010.5593346},
  isbn = {978-1-4244-6295-7},
  keywords = {dblp},
  pages = {265-272},
  publisher = {IEEE},
  timestamp = {2011-09-07T00:00:00.000+0200},
  title = {Multiobjective exploration of the StarCraft map space.},
  url = {http://dblp.uni-trier.de/db/conf/cig/cig2010.html#TogeliusPBWHY10},
  year = {2010}
}

@Online{Olbrantz,
	author = {Olbrantz, J (Quantum)},
	title = {CHK File Format},
	year = {2012},
	url = {http://quantam.devklog.net/CHKFormat.htm}
}

@manual{Zepir,
	author = {Z\'{e}pir},
	title = {Starcraft to Warcraft III Map Conversion Technical Documentation},
	year = {2004},
	url = {http://mr-nutz.no-ip.org/Valentin/content/projects/W3ZME/SCtoWar3-TechDetails.pdf}
}